@misc{1,
author="一般社団法人 日本レコード協会",
title="2020年度「音楽メディアユーザー実態調査」",
note="\url{https://www.riaj.or.jp/f/pdf/report/mediauser/softuser2020.pdf}~(参照 2021-12-17)"
}
@comment{
@article{2,
author="奥健太",
title="楽曲推薦システム ─プレイリスト，コンテキスト，インタラクション─",
journal="人工知能",
ISSN="2188-2266",
publisher="一般社団法人 人工知能学会",
year="2019",
month="may",
volume="",
number="34",
pages="300-308",
URL="https://ci.nii.ac.jp/naid/130007917619/",
DOI="10.11517/jjsai.34.3_300",
}
}
@article{3,
author="James A. Russell",
title="A circumplex model of affect",
journal="Journal of Personality and Social Psychology",
year="1980",
volume="Vol.39",
number="6",
pages="1161-1178",
DOI="https://doi.org/10.1037/h0077714"
}

@article{4,
author="西川直毅 and 糸山克寿 and 藤原弘将 and 後藤真孝 and 尾形哲也 and 奥乃博",
title="歌詞と音響特徴量を用いた楽曲印象軌跡推定法の設計と評価",
journal="研究報告音楽情報科学（MUS）",
ISSN="",
publisher="",
year="2011",
month="jul",
volume="2011-MUS-91",
number="7",
pages="1-8",
URL="https://ci.nii.ac.jp/naid/110008584097/",
DOI="",
}

@article{5,
author="角田拓己 and 大囿忠親 and 新谷虎松",
title="対話よるムード推定に基づく楽曲推薦エージェントの開発",
journal="第80回全国大会講演論文集",
ISSN="",
publisher="",
year="2018",
month="mar",
volume="2018",
number="1",
pages="157-158",
URL="https://ci.nii.ac.jp/naid/170000177085/",
DOI="",
}

@article{6,
author="Robert Plutchik",
title="A psychoevolutionary theory of emotions",
journal="Social Science Information",
ISSN="",
publisher="",
year="1982",
month="July",
volume="Vol.21",
number="4-5",
pages="529-553",
URL="",
DOI="https://doi.org/10.1177/053901882021004003",
}

@article{7,
title="物体の色や表情情報を利用した画像の印象にあった音楽推薦手法の提案",
author="追木智明 and 欅惇志 and 宮崎純",
journal="情報処理学会研究報告 情報基礎とアクセス技術(IFAT)",
month="9",
year="2018"
}

@article{8,
author="Paltoglou, Georgios and Thelwall, Mike",
journal="IEEE Trans. Affect. Comput.",
number="1",
pages="116-123",
title="Seeing Stars of Valence and Arousal in Blog Posts.",
url="http://dblp.uni-trier.de/db/journals/taffco/taffco4.html#PaltoglouT13",
volume="4",
year="2013"
}

@article{9,
title="Concept decompositions for large sparse text data using clustering",
author="Dhillon, Inderjit S and Modha, Dharmendra S",
journal="Machine learning",
volume="42",
number="1-2",
pages="143--175",
year="2001",
publisher="Springer"
}

@article{10,
author="大木麻里衣 and 丸野由希 and 久保孝富",
title="歌詞解析と心拍変動分析を用いた楽曲による感情への影響の予備的調査",
journal="2018年度 情報処理学会関西支部 支部大会 講演論文集",
ISSN="1884-197X",
publisher="",
year="2018",
month="sep",
volume="",
number="2018",
pages="",
URL="https://ci.nii.ac.jp/naid/170000178379/",
DOI="",
}

@MISC{11,
author="Margaret M. Bradley and Peter J. Lang and Margaret M. Bradley and Peter J. Lang",
title="Affective Norms for English Words (ANEW): Instruction manual and affective ratings",
year="1999"
}

@article{12,
author="本間喜子",
title="単語の感情価と覚醒度にもとづいた単語刺激の作成",
journal="愛知工業大学研究報告",
ISSN="1883-3217",
publisher="愛知工業大学",
year="2014",
month="mar",
volume="",
number="49",
pages="13-24",
URL="https://ci.nii.ac.jp/naid/40020164385/",
DOI="",
}

@inproceedings{13,
author="Hofmann, Thomas",
title="Probabilistic Latent Semantic Analysis",
url="http://citeseer.ist.psu.edu/hofmann99probabilistic.html",
year="1999"
}

@MISC{14,
    author = {Francis Bond and Timothy Baldwin and Richard Fothergill and Kiyotaka Uchimoto},
    title = {Japanese SemCor: A Sense-tagged Corpus of Japanese},
    year = {}
}