@article{2,
author="奥健太",
title="楽曲推薦システム ─プレイリスト，コンテキスト，インタラクション─",
journal="人工知能",
ISSN="2188-2266",
publisher="一般社団法人 人工知能学会",
year="2019",
month="may",
volume="",
number="34",
pages="300-308",
URL="https://ci.nii.ac.jp/naid/130007917619/",
DOI="10.11517/jjsai.34.3_300",
}

@article{3,
author="西川直毅 and 糸山克寿 and 藤原弘将 and 後藤真孝 and 尾形哲也 and 奥乃博",
title="歌詞と音響特徴量を用いた楽曲印象軌跡推定法の設計と評価",
journal="研究報告音楽情報科学（MUS）",
ISSN="",
publisher="",
year="2011",
month="jul",
volume="2011-MUS-91",
number="7",
pages="1-8",
URL="https://ci.nii.ac.jp/naid/110008584097/",
DOI="",
}

@article{4,
author="角田拓己 and 大囿忠親 and 新谷虎松",
title="対話よるムード推定に基づく楽曲推薦エージェントの開発",
journal="第80回全国大会講演論文集",
ISSN="",
publisher="",
year="2018",
month="mar",
volume="2018",
number="1",
pages="157-158",
URL="https://ci.nii.ac.jp/naid/170000177085/",
DOI="",
}

@MISC{7,
author="Margaret M. Bradley and Peter J. Lang and Margaret M. Bradley and Peter J. Lang",
title="Affective Norms for English Words (ANEW): Instruction manual and affective ratings",
year="1999"
}

@article{8,
author="本間喜子",
title="単語の感情価と覚醒度にもとづいた単語刺激の作成",
journal="愛知工業大学研究報告",
ISSN="1883-3217",
publisher="愛知工業大学",
year="2014",
month="mar",
volume="",
number="49",
pages="13-24",
URL="https://ci.nii.ac.jp/naid/40020164385/",
DOI="",
}

@article{9,
author="James A. Russell",
title="A circumplex model of affect",
journal="Journal of Personality and Social Psychology",
year="1980",
volume="Vol.39",
number="6",
pages="1161-1178",
DOI="https://doi.org/10.1037/h0077714"
}

@MISC{10,
    author = "Francis Bond and Timothy Baldwin and Richard Fothergill and Kiyotaka Uchimoto",
    title = "Japanese SemCor: A Sense-tagged Corpus of Japanese",
    year = {}
}